@inbook{BeautifulCode,
  author = {Karl Fogel},
  editor = {Andy Oram and Greg Wilson},
  booktitle = {Beautiful Code},
  title = {Subversion's Delta Editor: Interface As Ontology},
  publisher = {O'Reilly Media},
  date = {2007-06-26}
}

@online{Zicari2012,
  author = {Roberto V. Zicari},
  title = {Two Cons against NoSQL. Part I.},
  url = {http://www.odbms.org/blog/2012/10/two-cons-against-nosql-part-i/},
  date = {2012-10-30},
}
